<?xml version="1.0" encoding="UTF-8"?>
<marc:collection xmlns:marc="http://www.loc.gov/MARC21/slim" xmlns:xsi="http://www.w3.org/2001/XMLSchema-instance" xsi:schemaLocation="http://www.loc.gov/MARC21/slim http://www.loc.gov/standards/marcxml/schema/MARC21slim.xsd">
   <marc:record type="Bibliographic">
      <marc:leader>02997cam a2200529   4500</marc:leader>
      <marc:controlfield tag="001">1544632</marc:controlfield>
      <marc:controlfield tag="003">NjP</marc:controlfield>
      <marc:controlfield tag="005">20140221112952.0</marc:controlfield>
      <marc:controlfield tag="008">900807s1952    ua       b    000 0 arar </marc:controlfield>
      <marc:datafield tag="024" ind1="7" ind2=" ">
         <marc:subfield code="a">princeton_aco000602</marc:subfield>
         <marc:subfield code="2">local</marc:subfield>
      </marc:datafield>
      <marc:datafield tag="010" ind1=" " ind2=" ">
         <marc:subfield code="a">ne 61000146 </marc:subfield>
      </marc:datafield>
      <marc:datafield tag="035" ind1=" " ind2=" ">
         <marc:subfield code="a">(OCoLC)ocn177180880</marc:subfield>
      </marc:datafield>
      <marc:datafield tag="035" ind1=" " ind2=" ">
         <marc:subfield code="a">(OCoLC)ocm22190709</marc:subfield>
      </marc:datafield>
      <marc:datafield tag="035" ind1=" " ind2=" ">
         <marc:subfield code="a">(OCoLC)177180880</marc:subfield>
      </marc:datafield>
      <marc:datafield tag="035" ind1=" " ind2=" ">
         <marc:subfield code="9">CEV1578TS</marc:subfield>
      </marc:datafield>
      <marc:datafield tag="035" ind1=" " ind2=" ">
         <marc:subfield code="a">(NjP)1544632</marc:subfield>
      </marc:datafield>
      <marc:datafield tag="040" ind1=" " ind2=" ">
         <marc:subfield code="a">DLC</marc:subfield>
         <marc:subfield code="c">PUL</marc:subfield>
         <marc:subfield code="d">PUL</marc:subfield>
      </marc:datafield>
      <marc:datafield tag="041" ind1="1" ind2=" ">
         <marc:subfield code="a">ara</marc:subfield>
         <marc:subfield code="h">per</marc:subfield>
      </marc:datafield>
      <marc:datafield tag="049" ind1=" " ind2=" ">
         <marc:subfield code="a">PULL</marc:subfield>
      </marc:datafield>
      <marc:datafield tag="050" ind1="0" ind2=" ">
         <marc:subfield code="a">BP231</marc:subfield>
         <marc:subfield code="b">.I2</marc:subfield>
      </marc:datafield>
      <marc:datafield tag="079" ind1=" " ind2=" ">
         <marc:subfield code="a">ocm22190709</marc:subfield>
         <marc:subfield code="z">ocn214985996</marc:subfield>
         <marc:subfield code="z">ocn264658403</marc:subfield>
      </marc:datafield>
      <marc:datafield tag="100" ind1="1" ind2=" ">
         <marc:subfield code="6">880-01</marc:subfield>
         <marc:subfield code="a">Ibn Miskawayh, Aḥmad ibn Muḥammad,</marc:subfield>
         <marc:subfield code="d">-1030.</marc:subfield>
      </marc:datafield>
      <marc:datafield tag="245" ind1="1" ind2="3">
         <marc:subfield code="6">880-02</marc:subfield>
         <marc:subfield code="a">al-Ḥikmah al-khālidah :</marc:subfield>
         <marc:subfield code="b">Jāvīdān kharad.</marc:subfield>
         <marc:subfield code="c">Ḥaqqaqahu wa-qaddama lahu ʻAbd al-Raḥmān Badawī.</marc:subfield>
      </marc:datafield>
      <marc:datafield tag="260" ind1=" " ind2=" ">
         <marc:subfield code="6">880-03</marc:subfield>
         <marc:subfield code="a">al-Qāhirah,</marc:subfield>
         <marc:subfield code="b">Maktabat al-Nahḍah al-Miṣrīyah,</marc:subfield>
         <marc:subfield code="c">1952.</marc:subfield>
      </marc:datafield>
      <marc:datafield tag="300" ind1=" " ind2=" ">
         <marc:subfield code="a">64, 383 p.</marc:subfield>
         <marc:subfield code="c">24 cm.</marc:subfield>
      </marc:datafield>
      <marc:datafield tag="490" ind1="1" ind2=" ">
         <marc:subfield code="6">880-04</marc:subfield>
         <marc:subfield code="a">Dirāsāt Islāmīyah,</marc:subfield>
         <marc:subfield code="v">13</marc:subfield>
      </marc:datafield>
      <marc:datafield tag="500" ind1=" " ind2=" ">
         <marc:subfield code="6">880-05</marc:subfield>
         <marc:subfield code="a">At head of title: Abū ʻAlī Aḥmad ibn Muḥammad Miskawayh.</marc:subfield>
      </marc:datafield>
      <marc:datafield tag="500" ind1=" " ind2=" ">
         <marc:subfield code="6">880-06</marc:subfield>
         <marc:subfield code="a">Includes, as the basis of the work, the Arabic translation by Ḥasan ibn Sahl of a Persian collection of ethical precepts entitled Jāvīdān kharad. The Persian text, of uncertain origin, is not extant. Cf. pref.</marc:subfield>
      </marc:datafield>
      <marc:datafield tag="504" ind1=" " ind2=" ">
         <marc:subfield code="a">Bibliographical footnotes.</marc:subfield>
      </marc:datafield>
      <marc:datafield tag="505" ind1="0" ind2=" ">
         <marc:subfield code="6">880-07</marc:subfield>
         <marc:subfield code="a">Taṣdīr ʻāmm -- Ḥikam al-Furs: Kitāb jāvīdān kharad. Ādāb al-Furs -- Ḥikam al-Hind -- Ḥikam al-ʻArab -- Ḥikam al-Rūm -- Ḥikam al-Islāmīyīn al-muḥaddithīn -- Khātimah.</marc:subfield>
      </marc:datafield>
      <marc:datafield tag="650" ind1=" " ind2="0">
         <marc:subfield code="a">Ethics.</marc:subfield>
      </marc:datafield>
      <marc:datafield tag="700" ind1="1" ind2=" ">
         <marc:subfield code="6">880-08</marc:subfield>
         <marc:subfield code="a">Badawī, ʻAbd al-Raḥmān.</marc:subfield>
      </marc:datafield>
      <marc:datafield tag="740" ind1="0" ind2=" ">
         <marc:subfield code="6">880-09</marc:subfield>
         <marc:subfield code="a">Jāvīdān kherad.</marc:subfield>
      </marc:datafield>
      <marc:datafield tag="800" ind1="1" ind2=" ">
         <marc:subfield code="6">880-10</marc:subfield>
         <marc:subfield code="a">Badawī, ʻAbd al-Raḥmān.</marc:subfield>
         <marc:subfield code="t">Dirāsāt Islāmīyah.</marc:subfield>
         <marc:subfield code="v">13</marc:subfield>
      </marc:datafield>
      <marc:datafield tag="880" ind1="1" ind2=" ">
         <marc:subfield code="6">100-01/r</marc:subfield>
         <marc:subfield code="a">ابن مسكويه، احمد بن محمد،</marc:subfield>
         <marc:subfield code="d">-1030.</marc:subfield>
      </marc:datafield>
      <marc:datafield tag="880" ind1="1" ind2="2">
         <marc:subfield code="6">245-02/r</marc:subfield>
         <marc:subfield code="a">الحكمة الخالدة :</marc:subfield>
         <marc:subfield code="b">جاڤيدان خرد.</marc:subfield>
         <marc:subfield code="c">حققه وقدم له عبد الرحمن بدوي.</marc:subfield>
      </marc:datafield>
      <marc:datafield tag="880" ind1=" " ind2=" ">
         <marc:subfield code="6">260-03/r</marc:subfield>
         <marc:subfield code="a">القاهرة،</marc:subfield>
         <marc:subfield code="b">مكتبة النهضة المصرية،</marc:subfield>
         <marc:subfield code="c">1952.</marc:subfield>
      </marc:datafield>
      <marc:datafield tag="880" ind1="1" ind2=" ">
         <marc:subfield code="6">490-04/r</marc:subfield>
         <marc:subfield code="a">دراسات اسلامية،</marc:subfield>
         <marc:subfield code="v">13</marc:subfield>
      </marc:datafield>
      <marc:datafield tag="880" ind1=" " ind2=" ">
         <marc:subfield code="6">500-05/r</marc:subfield>
         <marc:subfield code="a">At head of title: ابو علي احمد بن محمد مسكويه.</marc:subfield>
      </marc:datafield>
      <marc:datafield tag="880" ind1=" " ind2=" ">
         <marc:subfield code="6">500-06/r</marc:subfield>
         <marc:subfield code="a">Includes, as the basis of the work, the Arabic translation by  حسن بن سهل of a Persian collection of ethical precepts entitled جاڤيدان خرد. The Persian text, of uncertain origin, is not extant. Cf. pref.</marc:subfield>
      </marc:datafield>
      <marc:datafield tag="880" ind1="0" ind2=" ">
         <marc:subfield code="6">505-07/r</marc:subfield>
         <marc:subfield code="a">تصدير عام  حكم الفرس: كتاب جاڤيدان خرد. آداب الفرس  حكم الهند  حكم العرب  حكم الروم  حكم الاسلاميين المحدثين  خاتمة.</marc:subfield>
      </marc:datafield>
      <marc:datafield tag="880" ind1="1" ind2=" ">
         <marc:subfield code="6">700-08/r</marc:subfield>
         <marc:subfield code="a">بدوي، عبد الرحمن.</marc:subfield>
      </marc:datafield>
      <marc:datafield tag="880" ind1="0" ind2=" ">
         <marc:subfield code="6">740-09/r</marc:subfield>
         <marc:subfield code="a">جاڤيدان خرد.</marc:subfield>
      </marc:datafield>
      <marc:datafield tag="880" ind1="1" ind2=" ">
         <marc:subfield code="6">800-10/r</marc:subfield>
         <marc:subfield code="a">بدوي، عبد الرحمن.</marc:subfield>
         <marc:subfield code="t">دراسات اسلامية.</marc:subfield>
         <marc:subfield code="v">13</marc:subfield>
      </marc:datafield>
      <marc:datafield tag="852" ind1="0" ind2=" ">
         <marc:subfield code="b">nec</marc:subfield>
         <marc:subfield code="h">BJ231</marc:subfield>
         <marc:subfield code="i">.I266 1952</marc:subfield>
         <marc:subfield code="p">1778584</marc:subfield>
         <marc:subfield code="x">reclassed from: 2271.46576.I17.346</marc:subfield>
      </marc:datafield>
      <marc:datafield tag="947" ind1=" " ind2=" ">
         <marc:subfield code="a">CEV1578</marc:subfield>
      </marc:datafield>
      <marc:datafield tag="911" ind1=" " ind2=" ">
         <marc:subfield code="a">20000130</marc:subfield>
      </marc:datafield>
      <marc:datafield tag="994" ind1=" " ind2=" ">
         <marc:subfield code="a">C0</marc:subfield>
         <marc:subfield code="b">PUL</marc:subfield>
      </marc:datafield>
      <marc:datafield tag="999" ind1=" " ind2=" ">
         <marc:subfield code="a">1544632</marc:subfield>
      </marc:datafield>
   </marc:record>
</marc:collection>
